%% This BibTeX bibliography file was created using BibDesk.
%% http://bibdesk.sourceforge.net/


%% Created for Thomas Griffiths at 2012-07-25 20:38:23 +1000 


%% Saved with string encoding Unicode (UTF-8) 



@article{hori1973,
	Abstract = {(sea pansy) luciferin and certain of its synthetic analogues produce a brilliant blue chemiluminescence when dissolved in organic solvents such as dimethylformamide; we have examined the chemistry of this reaction and have identified the product excited state responsible for the luminescence.},
	Author = {Hori, Kazuo and Wampler, John E. and Cormier, Milton J.},
	Date-Added = {2012-07-25 10:38:18 +0000},
	Date-Modified = {2012-07-25 10:38:18 +0000},
	Doi = {10.1039/C39730000492},
	Issue = {14},
	Journal = {J. Chem. Soc.{,} Chem. Commun.},
	Pages = {492--493},
	Publisher = {The Royal Society of Chemistry},
	Title = {{Chemiluminescence of Renilla (sea pansy) Luciferin and its Analogues}},
	Url = {http://dx.doi.org/10.1039/C39730000492},
	Year = {1973},
	Bdsk-File-1 = {YnBsaXN0MDDUAQIDBAUIJidUJHRvcFgkb2JqZWN0c1gkdmVyc2lvblkkYXJjaGl2ZXLRBgdUcm9vdIABqAkKFRYXGyIjVSRudWxs0wsMDQ4RFFpOUy5vYmplY3RzV05TLmtleXNWJGNsYXNzog8QgASABqISE4ACgAOAB1lhbGlhc0RhdGFccmVsYXRpdmVQYXRo0hgNGRpXTlMuZGF0YU8RApYAAAAAApYAAgAADE1hY2ludG9zaCBIRAAAAAAAAAAAAAAAAAAAAMrslwBIKwAAAXoNnB9ob3JpMTk3M2NoZW1pbHVtaW5lcyNGMjMwMEUucGRmAAAAAAAAAAAAAAAAAAAAAAAAAAAAAAAAAAAAAAAAAAAA8jAOy7eYbgAAAAAAAAAAAAIABQAACSAAAAAAAAAAAAAAAAAAAAAEaG9yaQAQAAgAAMrr/FAAAAARAAgAAMu3C84AAAABABgBeg2cAC77bgASztsABR+7AAUfugAAwEMAAgBiTWFjaW50b3NoIEhEOlVzZXJzOgB0aG9tYXNncmlmZml0aHM6AERvY3VtZW50czoAUGhEOgBwYXBlcnM6AGhvcmk6AGhvcmkxOTczY2hlbWlsdW1pbmVzI0YyMzAwRS5wZGYADgCmAFIAaABvAHIAaQAxADkANwAzAGMAaABlAG0AaQBsAHUAbQBpAG4AZQBzAGMAZQBuAGMAZQAgAG8AZgAgAHIAZQBuAGkAbABsAGEAIAAoAHMAZQBhACAAcABhAG4AcwB5ACkAIABsAHUAYwBpAGYAZQByAGkAbgAgAGEAbgBkACAAaQB0AHMAIABhAG4AYQBsAG8AZwB1AGUAcwAtADAALgBwAGQAZgAPABoADABNAGEAYwBpAG4AdABvAHMAaAAgAEgARAASAIJVc2Vycy90aG9tYXNncmlmZml0aHMvRG9jdW1lbnRzL1BoRC9wYXBlcnMvaG9yaS9ob3JpMTk3M2NoZW1pbHVtaW5lc2NlbmNlIG9mIHJlbmlsbGEgKHNlYSBwYW5zeSkgbHVjaWZlcmluIGFuZCBpdHMgYW5hbG9ndWVzLTAucGRmABMAAS8AABUAAgAW//8AAIAF0hwdHh9YJGNsYXNzZXNaJGNsYXNzbmFtZaMfICFdTlNNdXRhYmxlRGF0YVZOU0RhdGFYTlNPYmplY3RfEHIuLi8uLi9Eb2N1bWVudHMvUGhEL3BhcGVycy9ob3JpL2hvcmkxOTczY2hlbWlsdW1pbmVzY2VuY2Ugb2YgcmVuaWxsYSAoc2VhIHBhbnN5KSBsdWNpZmVyaW4gYW5kIGl0cyBhbmFsb2d1ZXMtMC5wZGbSHB0kJaIlIVxOU0RpY3Rpb25hcnkSAAGGoF8QD05TS2V5ZWRBcmNoaXZlcgAIABEAFgAfACgAMgA1ADoAPABFAEsAUgBdAGUAbABvAHEAcwB2AHgAegB8AIYAkwCYAKADOgM8A0EDSgNVA1kDZwNuA3cD7APxA/QEAQQGAAAAAAAAAgEAAAAAAAAAKAAAAAAAAAAAAAAAAAAABBg=},
	Bdsk-Url-1 = {http://dx.doi.org/10.1039/C39730000492}}

@book{pericles,
	Author = {Shakespeare, W},
	Date-Added = {2012-07-25 08:07:42 +0000},
	Date-Modified = {2012-07-25 08:13:07 +0000},
	Title = {{Pericles, Prince of Tyre}}}

@article{mithani2012,
	Adsnote = {Provided by the SAO/NASA Astrophysics Data System},
	Adsurl = {http://adsabs.harvard.edu/abs/2012arXiv1204.4658M},
	Archiveprefix = {arXiv},
	Author = {{Mithani}, A. and {Vilenkin}, A.},
	Date-Added = {2012-07-25 08:07:42 +0000},
	Date-Modified = {2012-07-25 08:07:42 +0000},
	Eprint = {1204.4658},
	Journal = {ArXiv e-prints},
	Keywords = {High Energy Physics - Theory, General Relativity and Quantum Cosmology},
	Month = apr,
	Primaryclass = {hep-th},
	Title = {{Did the universe have a beginning?}},
	Year = 2012,
	Bdsk-File-1 = {YnBsaXN0MDDUAQIDBAUIJidUJHRvcFgkb2JqZWN0c1gkdmVyc2lvblkkYXJjaGl2ZXLRBgdUcm9vdIABqAkKFRYXGyIjVSRudWxs0wsMDQ4RFFpOUy5vYmplY3RzV05TLmtleXNWJGNsYXNzog8QgASABqISE4ACgAOAB1lhbGlhc0RhdGFccmVsYXRpdmVQYXRo0hgNGRpXTlMuZGF0YU8RAkQAAAAAAkQAAgAADE1hY2ludG9zaCBIRAAAAAAAAAAAAAAAAAAAAMrslwBIKwAAAXoOGx9taXRoYW5pMjAxMmRpZCB0aGUgdSNGQ0VEQ0EucGRmAAAAAAAAAAAAAAAAAAAAAAAAAAAAAAAAAAAAAAAAAAAA/O3Ky78VYgAAAAAAAAAAAAIABQAACSAAAAAAAAAAAAAAAAAAAAAHbWl0aGFuaQAAEAAIAADK6/xQAAAAEQAIAADLvojCAAAAAQAYAXoOGwAu+24AEs7bAAUfuwAFH7oAAMBDAAIAZU1hY2ludG9zaCBIRDpVc2VyczoAdGhvbWFzZ3JpZmZpdGhzOgBEb2N1bWVudHM6AFBoRDoAcGFwZXJzOgBtaXRoYW5pOgBtaXRoYW5pMjAxMmRpZCB0aGUgdSNGQ0VEQ0EucGRmAAAOAGgAMwBtAGkAdABoAGEAbgBpADIAMAAxADIAZABpAGQAIAB0AGgAZQAgAHUAbgBpAHYAZQByAHMAZQAgAGgAYQB2AGUAIABhACAAYgBlAGcAaQBuAG4AaQBuAGcAPwAtADAALgBwAGQAZgAPABoADABNAGEAYwBpAG4AdABvAHMAaAAgAEgARAASAGZVc2Vycy90aG9tYXNncmlmZml0aHMvRG9jdW1lbnRzL1BoRC9wYXBlcnMvbWl0aGFuaS9taXRoYW5pMjAxMmRpZCB0aGUgdW5pdmVyc2UgaGF2ZSBhIGJlZ2lubmluZz8tMC5wZGYAEwABLwAAFQACABb//wAAgAXSHB0eH1gkY2xhc3Nlc1okY2xhc3NuYW1lox8gIV1OU011dGFibGVEYXRhVk5TRGF0YVhOU09iamVjdF8QVi4uLy4uL0RvY3VtZW50cy9QaEQvcGFwZXJzL21pdGhhbmkvbWl0aGFuaTIwMTJkaWQgdGhlIHVuaXZlcnNlIGhhdmUgYSBiZWdpbm5pbmc/LTAucGRm0hwdJCWiJSFcTlNEaWN0aW9uYXJ5EgABhqBfEA9OU0tleWVkQXJjaGl2ZXIACAARABYAHwAoADIANQA6ADwARQBLAFIAXQBlAGwAbwBxAHMAdgB4AHoAfACGAJMAmACgAugC6gLvAvgDAwMHAxUDHAMlA34DgwOGA5MDmAAAAAAAAAIBAAAAAAAAACgAAAAAAAAAAAAAAAAAAAOq}}

@misc{gaussian09,
	Author = {Frisch, M. J. and Trucks, G. W. and Schlegel, H. B. and Scuseria, G. E. and Robb, M. A. and Cheeseman, J. R. and Scalmani, G. and Barone, V. and Mennucci, B. and Petersson, G. A. and Nakatsuji, H. and Caricato, M. and Li, X. and Hratchian, H. P. and Izmaylov, A. F. and Bloino, J. and Zheng, G. and Sonnenberg, J. L. and Hada, M. and Ehara, M. and Toyota, K. and Fukuda, R. and Hasegawa, J. and Ishida, M. and Nakajima, T. and Honda, Y. and Kitao, O. and Nakai, H. and Vreven, T. and Montgomery, Jr., J. A. and Peralta, J. E. and Ogliaro, F. and Bearpark, M. and Heyd, J. J. and Brothers, E. and Kudin, K. N. and Staroverov, V. N. and Kobayashi, R. and Normand, J. and Raghavachari, K. and Rendell, A. and Burant, J. C. and Iyengar, S. S. and Tomasi, J. and Cossi, M. and Rega, N. and Millam, N. J. and Klene, M. and Knox, J. E. and Cross, J. B. and Bakken, V. and Adamo, C. and Jaramillo, J. and Gomperts, R. and Stratmann, R. E. and Yazyev, O. and Austin, A. J. and Cammi, R. and Pomelli, C. and Ochterski, J. W. and Martin, R. L. and Morokuma, K. and Zakrzewski, V. G. and Voth, G. A. and Salvador, P. and Dannenberg, J. J. and Dapprich, S. and Daniels, A. D. and Farkas, {\"{O}}. and Foresman, J. B. and Ortiz, J. V. and Cioslowski, J. and Fox, D. J.},
	Date-Added = {2012-07-25 08:07:42 +0000},
	Date-Modified = {2012-07-25 08:07:42 +0000},
	Publisher = {Gaussian, Inc.},
	Title = {{Gaussian 09}},
	Year = {2009}}

@book{bioluminescence,
	Author = {Shimomura, Osamu},
	Date-Added = {2012-07-25 08:07:42 +0000},
	Date-Modified = {2012-07-25 08:07:42 +0000},
	Publisher = {World Scientific},
	Read = {1},
	Subtitle = {{Chemical Principles and Methods}},
	Title = {{Bioluminescence}},
	Year = {2008}}

@inbook{bioluminescence:apA,
	Appendix = {A, Taxonomic Classification of Selected Luminous Organisms},
	Chapter = {Taxonomic Classification of Selected Luminous Organisms},
	Crossref = {bioluminescence},
	Date-Added = {2012-07-25 08:07:42 +0000},
	Date-Modified = {2012-07-25 08:13:28 +0000},
	Pages = {333--339}}

@inbook{bioluminescence:ch1,
	Chapter = {1, Fireflies and Luminous Insects},
	Crossref = {bioluminescence},
	Date-Added = {2012-07-25 08:07:42 +0000},
	Date-Modified = {2012-07-25 08:07:42 +0000},
	Pages = {1--29}}

@book{atkins_inorgchem,
	Author = {Atkins, Peter and Overton, Tina and Rourke, Jonothan and Weller, Mark and Armstrong, Fraser},
	Date-Added = {2012-07-25 08:07:42 +0000},
	Date-Modified = {2012-07-25 08:07:42 +0000},
	Edition = {4th},
	Publisher = {Oxford University Press},
	Title = {{Inorganic Chemistry}},
	Year = {2006}}

@book{atkins_physchem,
	Author = {Atkins, Peter and De Paula, Julio},
	Date-Added = {2012-07-25 08:07:42 +0000},
	Date-Modified = {2012-07-25 08:07:42 +0000},
	Edition = {8th},
	Publisher = {Oxford University Press},
	Title = {{Atkins' Physical Chemistry}},
	Year = {2006}}

@book{clayden_orgchem,
	Author = {Clayden, Jonathan and Greeves, Nick and Warren, Stuart and Wothers, Peter},
	Date-Added = {2012-07-25 08:07:42 +0000},
	Date-Modified = {2012-07-25 08:07:42 +0000},
	Publisher = {Oxford University Press},
	Title = {{Organic Chemistry}},
	Year = {2006}}

@misc{oxfordchem,
	Date-Added = {2012-07-25 08:07:42 +0000},
	Date-Modified = {2012-07-25 08:07:42 +0000},
	Publisher = {Oxford University Press},
	Title = {{Oxford Dictionary of Chemistry}},
	Volume = {1},
	Year = {1996}}

@book{thekingsenglish,
	Author = {Fowler, H. W. and Fowler, F. G.},
	Date-Added = {2012-07-25 08:07:42 +0000},
	Date-Modified = {2012-07-25 08:07:42 +0000},
	Edition = {3rd},
	Title = {{The King's English}},
	Year = {1958}}
