%% This BibTeX bibliography file was created using BibDesk.
%% http://bibdesk.sourceforge.net/


%% Created for Thomas Griffiths at 2014-01-07 14:51:15 +1100 


%% Saved with string encoding Unicode (UTF-8) 



@article{hori1973,
	Abstract = {(sea pansy) luciferin and certain of its synthetic analogues produce a brilliant blue chemiluminescence when dissolved in organic solvents such as dimethylformamide; we have examined the chemistry of this reaction and have identified the product excited state responsible for the luminescence.},
	Author = {Hori, Kazuo and Wampler, John E. and Cormier, Milton J.},
	Date-Added = {2012-07-25 10:38:18 +0000},
	Date-Modified = {2012-07-25 10:38:18 +0000},
	Doi = {10.1039/C39730000492},
	Issue = {14},
	Journal = {J. Chem. Soc.{,} Chem. Commun.},
	Pages = {492--493},
	Publisher = {The Royal Society of Chemistry},
	Title = {{Chemiluminescence of Renilla (sea pansy) Luciferin and its Analogues}},
	Url = {http://dx.doi.org/10.1039/C39730000492},
	Year = {1973},
	Bdsk-File-1 = {YnBsaXN0MDDUAQIDBAUGJCVYJHZlcnNpb25YJG9iamVjdHNZJGFyY2hpdmVyVCR0b3ASAAGGoKgHCBMUFRYaIVUkbnVsbNMJCgsMDxJXTlMua2V5c1pOUy5vYmplY3RzViRjbGFzc6INDoACgAOiEBGABIAFgAdccmVsYXRpdmVQYXRoWWFsaWFzRGF0YV8Qci4uLy4uL0RvY3VtZW50cy9QaEQvcGFwZXJzL2hvcmkvaG9yaTE5NzNjaGVtaWx1bWluZXNjZW5jZSBvZiByZW5pbGxhIChzZWEgcGFuc3kpIGx1Y2lmZXJpbiBhbmQgaXRzIGFuYWxvZ3Vlcy0wLnBkZtIXCxgZV05TLmRhdGFPEQKWAAAAAAKWAAIAAAxNYWNpbnRvc2ggSEQAAAAAAAAAAAAAAAAAAADK7JcASCsAAAF6DZwfaG9yaTE5NzNjaGVtaWx1bWluZXMjRjIzMDBFLnBkZgAAAAAAAAAAAAAAAAAAAAAAAAAAAAAAAAAAAAAAAAAAAPIwDsu3mG4AAAAAAAAAAAACAAUAAAkgAAAAAAAAAAAAAAAAAAAABGhvcmkAEAAIAADK6/xQAAAAEQAIAADLtwvOAAAAAQAYAXoNnAAu+24AEs7bAAUfuwAFH7oAAMBDAAIAYk1hY2ludG9zaCBIRDpVc2VyczoAdGhvbWFzZ3JpZmZpdGhzOgBEb2N1bWVudHM6AFBoRDoAcGFwZXJzOgBob3JpOgBob3JpMTk3M2NoZW1pbHVtaW5lcyNGMjMwMEUucGRmAA4ApgBSAGgAbwByAGkAMQA5ADcAMwBjAGgAZQBtAGkAbAB1AG0AaQBuAGUAcwBjAGUAbgBjAGUAIABvAGYAIAByAGUAbgBpAGwAbABhACAAKABzAGUAYQAgAHAAYQBuAHMAeQApACAAbAB1AGMAaQBmAGUAcgBpAG4AIABhAG4AZAAgAGkAdABzACAAYQBuAGEAbABvAGcAdQBlAHMALQAwAC4AcABkAGYADwAaAAwATQBhAGMAaQBuAHQAbwBzAGgAIABIAEQAEgCCVXNlcnMvdGhvbWFzZ3JpZmZpdGhzL0RvY3VtZW50cy9QaEQvcGFwZXJzL2hvcmkvaG9yaTE5NzNjaGVtaWx1bWluZXNjZW5jZSBvZiByZW5pbGxhIChzZWEgcGFuc3kpIGx1Y2lmZXJpbiBhbmQgaXRzIGFuYWxvZ3Vlcy0wLnBkZgATAAEvAAAVAAIAFv//AACABtIbHB0eWiRjbGFzc25hbWVYJGNsYXNzZXNdTlNNdXRhYmxlRGF0YaMdHyBWTlNEYXRhWE5TT2JqZWN00hscIiNcTlNEaWN0aW9uYXJ5oiIgXxAPTlNLZXllZEFyY2hpdmVy0SYnVHJvb3SAAQAIABEAGgAjAC0AMgA3AEAARgBNAFUAYABnAGoAbABuAHEAcwB1AHcAhACOAQMBCAEQA6oDrAOxA7wDxQPTA9cD3gPnA+wD+QP8BA4EEQQWAAAAAAAAAgEAAAAAAAAAKAAAAAAAAAAAAAAAAAAABBg=},
	Bdsk-Url-1 = {http://dx.doi.org/10.1039/C39730000492}}

@book{pericles,
	Author = {Shakespeare, W},
	Date-Added = {2012-07-25 08:07:42 +0000},
	Date-Modified = {2012-07-25 08:13:07 +0000},
	Title = {{Pericles, Prince of Tyre}}}

@book{bioluminescence,
	Author = {Shimomura, Osamu},
	Date-Added = {2012-07-25 08:07:42 +0000},
	Date-Modified = {2012-07-25 08:07:42 +0000},
	Publisher = {World Scientific},
	Read = {1},
	Subtitle = {{Chemical Principles and Methods}},
	Title = {{Bioluminescence}},
	Year = {2008}}

@inbook{bioluminescence:apA,
	Appendix = {A, Taxonomic Classification of Selected Luminous Organisms},
	Chapter = {Taxonomic Classification of Selected Luminous Organisms},
	Crossref = {bioluminescence},
	Date-Added = {2012-07-25 08:07:42 +0000},
	Date-Modified = {2012-07-25 08:13:28 +0000},
	Pages = {333--339}}

@inbook{bioluminescence:ch1,
	Chapter = {1, Fireflies and Luminous Insects},
	Crossref = {bioluminescence},
	Date-Added = {2012-07-25 08:07:42 +0000},
	Date-Modified = {2012-07-25 08:07:42 +0000},
	Pages = {1--29}}

@book{atkins_inorgchem,
	Author = {Atkins, Peter and Overton, Tina and Rourke, Jonothan and Weller, Mark and Armstrong, Fraser},
	Date-Added = {2012-07-25 08:07:42 +0000},
	Date-Modified = {2012-07-25 08:07:42 +0000},
	Edition = {4th},
	Publisher = {Oxford University Press},
	Title = {{Inorganic Chemistry}},
	Year = {2006}}

@book{atkins_physchem,
	Author = {Atkins, Peter and De Paula, Julio},
	Date-Added = {2012-07-25 08:07:42 +0000},
	Date-Modified = {2012-07-25 08:07:42 +0000},
	Edition = {8th},
	Publisher = {Oxford University Press},
	Title = {{Atkins' Physical Chemistry}},
	Year = {2006}}

@book{clayden_orgchem,
	Author = {Clayden, Jonathan and Greeves, Nick and Warren, Stuart and Wothers, Peter},
	Date-Added = {2012-07-25 08:07:42 +0000},
	Date-Modified = {2012-07-25 08:07:42 +0000},
	Publisher = {Oxford University Press},
	Title = {{Organic Chemistry}},
	Year = {2006}}

@misc{oxfordchem,
	Date-Added = {2012-07-25 08:07:42 +0000},
	Date-Modified = {2012-07-25 08:07:42 +0000},
	Publisher = {Oxford University Press},
	Title = {{Oxford Dictionary of Chemistry}},
	Volume = {1},
	Year = {1996}}

@book{thekingsenglish,
	Author = {Fowler, H. W. and Fowler, F. G.},
	Date-Added = {2012-07-25 08:07:42 +0000},
	Date-Modified = {2012-07-25 08:07:42 +0000},
	Edition = {3rd},
	Title = {{The King's English}},
	Year = {1958}}
